@article{caplan2015risk,
  title={Risk terrain modeling for spatial risk assessment},
  author={Caplan, Joel M and Kennedy, Leslie W and Barnum, Jeremy D and Piza, Eric L},
  journal={Cityscape},
  volume={17},
  number={1},
  pages={7--16},
  year={2015},
  publisher={JSTOR}
}

@article{caplan2011risk,
  title={Risk terrain modeling compendium},
  author={Caplan, Joel M and Kennedy, Leslie W},
  journal={Rutgers Center on Public Security, Newark},
  volume={51},
  year={2011}
}

@article{大山智也2020短期的,
  title={短期的・長期的リスクを組み合わせた犯罪予測手法の構築-長期的リスク概念の拡張と短期的リスクの導入方法に関する検討},
  author={大山智也 and 雨宮護},
  journal={GIS-理論と応用},
  volume={28},
  number={1},
  pages={1--11},
  year={2020},
  publisher={一般社団法人 地理情報システム学会}
}

@article{weisberg2001yeo,
  title={Yeo-Johnson power transformations},
  author={Weisberg, Sanford},
  journal={Department of Applied Statistics, University of Minnesota. Retrieved June},
  volume={1},
  pages={2003},
  year={2001}
}

@misc{ChicagoDataPortal,
    note = {\url{https://data.cityofchicago.org/}},
    author = {ChicagoDataPortal},
    year = {2024},
}

@article{chainey2008utility,
  title={The utility of hotspot mapping for predicting spatial patterns of crime},
  author={Chainey, Spencer and Tompson, Lisa and Uhlig, Sebastian},
  journal={Security journal},
  volume={21},
  pages={4--28},
  year={2008},
  publisher={Springer}
}